@book{IPCC2021,
    title = {Climate Change 2021: The Physical Science Basis},
    author = {{Intergovernmental Panel on Climate Change (IPCC)}},
    editor = {Masson-Delmotte, V. and Zhai, P. and Pirani, A. and Connors, S. L. and Péan, C. and Berger, S. and Caud, N. and Chen, Y. and Goldfarb, L. and Gomis, M. I. and Huang, M. and Leitzell, K. and Lonnoy, E. and Matthews, J. B. R. and Maycock, T. K. and Waterfield, T. and Yelekçi, O. and Yu, R. and Zhou, B.},
    year = {2021},
    publisher = {Cambridge University Press},
    note = {Contribution of Working Group I to the Sixth Assessment Report of the Intergovernmental Panel on Climate Change},
}

@article{clausius1850,
  title={Ueber die bewegende Kraft der W{\"a}rme und die Gesetze, welche sich daraus f{\"u}r die W{\"a}rmelehre selbst ableiten lassen},
  author={Clausius, R.},
  journal={Annalen der Physik},
  volume={155},
  number={3},
  pages={368--397},
  year={1850},
  publisher={Wiley Online Library},
  doi={doi.org/10.1002/andp.18501550302}
}

@book{meteofrance,
  author = {{Météo-France}},
  title = {{La météorologie}},
  year = {2010},
  publisher = {{Éditions Eyrolles}},
  address = {{Paris, France}},
  edition = {2e édition},
  note = {Chapitre 3 : Le cycle de l'eau et les précipitations},
}

@article{blanchet2021explaining,
  title={Explaining recent trends in extreme precipitation in the Southwestern Alps by changes in atmospheric influences},
  author={Blanchet, J. and Blanc, A. and Creutin, J.-D.},
  journal={Weather and Climate Extremes},
  volume={33},
  pages={100356},
  year={2021},
  doi={10.1016/j.wace.2021.100356},
}

@article{prein2015regional,
  title={Regional climate modeling with convection-permitting resolutions: a new era in climate prediction?},
  author={Prein, Andreas F and Langhans, Wolfgang and Fosser, Giorgia and Ferrone, Andrew and Ban, Nikolina and Goergen, Klaus and Keller, Michael and Tolle, Merja and Gutjahr, Oliver and Feser, Frauke and others},
  journal={Journal of Climate},
  volume={28},
  number={2},
  pages={618--636},
  year={2015},
  publisher={American Meteorological Society},
  doi={10.1175/jcli-d-14-00309.1},
}

@article{caillaud2021simulation,
  title={Simulation using CNRM-AROME46t1 (2.5km) CP-RCM performed by CNRM},
  author={Caillaud, C. and others},
  journal={Climate Dynamics},
  year={2021},
  volume={},
  number={},
  pages={},
  doi={10.1007/s00382-020-05558-y},
  url={https://doi.org/10.1007/s00382-020-05558-y},
}

@article{blanchet2022instrumental,
  title={Instrumental agreement and retrospective analysis of trends in precipitation extremes in the French Mediterranean Region},
  author={Blanchet, Juliette and Creutin, Jean-Dominique},
  journal={Environmental Research Letters},
  volume={17},
  number={7},
  pages={074011},
  year={2022},
  publisher={IOP Publishing},
  doi={10.1088/1748-9326/ac7734}
}

@article{hersbach2020era5,
  title={The ERA5 global reanalysis},
  author={Hersbach, H. and Bell, B. and Berrisford, P. and Hirahara, S. and Horányi, A. and Muñoz-Sabater, J. and Nicolas, J. and Peubey, C. and Radu, R. and Schepers, D. and Simmons, A. and Soci, C. and Abdalla, S. and Abellan, X. and Balsamo, G. and Bechtold, P. and Biavati, G. and Bidlot, J. and Bonavita, M. and De Chiara, G. and Dahlgren, P. and Dee, D. and Diamantakis, M. and Dragani, R. and Flemming, J. and Forbes, R. and Fuentes, M. and Geer, A. and Haimberger, L. and Healy, S. and Hogan, R. J. and Hólm, E. and Janisková, M. and Keeley, S. and Laloyaux, P. and Lopez, P. and Lupu, C. and Radnoti, G. and Rosnay, P. and Rozum, I. and Vamborg, F. and Villaume, S. and Thépaut, J-N.},
  journal={Quarterly Journal of the Royal Meteorological Society},
  volume={146},
  number={730},
  pages={1999--2049},
  year={2020},
  publisher={Wiley Online Library},
  doi={10.1002/qj.3803}
}

@misc{meteofrance2024,
  author = {{Météo-France}},
  title = {Données d'observations météorologiques issues des stations synoptiques et climatologiques},
  year = {2024},
  howpublished = {Open Data on data.gouv.fr},
  url = {https://www.data.gouv.fr/fr/datasets/donnees-dobservations-meteorologiques-issues-des-stations-synoptiques-et-climatologiques/},
  note = {Consulté en juillet 2025}
}

@article{Prein2015Review,
  author       = {Prein, Andreas F. and Langhans, Wolfgang and Fosser, Giorgia and Ferrone, Andrew and Ban, Nikolina and Goergen, Klaus and Keller, Michael and T{\"o}lle, Merja and Gutjahr, Oliver and Feser, Frauke and Brisson, Erwan and Kollet, Stefan and Schmidli, Juerg and van Lipzig, Nicole P. M. and Leung, Ruby},
  title        = {A Review on Regional Convection‐Permitting Climate Modeling: Demonstrations, Prospects, and Challenges},
  journal      = {Reviews of Geophysics},
  year         = {2015},
  volume       = {53},
  number       = {2},
  pages        = {323--361},
  doi          = {10.1002/2014RG000475},
  url          = {https://doi.org/10.1002/2014RG000475},
  publisher    = {American Geophysical Union},
  month        = {June}
}

@Article{hess-28-2579-2024,
AUTHOR = {Dura, V. and Evin, G. and Favre, A.-C. and Penot, D.},
TITLE = {Spatial variability in the seasonal precipitation lapse rates in complex topographical regions -- application in France},
JOURNAL = {Hydrology and Earth System Sciences},
VOLUME = {28},
YEAR = {2024},
NUMBER = {12},
PAGES = {2579--2601},
URL = {https://hess.copernicus.org/articles/28/2579/2024/},
DOI = {10.5194/hess-28-2579-2024}
}

@article{LucasPicher2024,
  author    = {Lucas-Picher, P. and Brisson, E. and Caillaud, C. and others},
  title     = {Evaluation of the convection-permitting regional climate model CNRM-AROME41t1 over Northwestern Europe},
  journal   = {Climate Dynamics},
  volume    = {62},
  pages     = {4587--4615},
  year      = {2024},
  doi       = {10.1007/s00382-022-06637-y},
  url       = {https://doi.org/10.1007/s00382-022-06637-y}
}

@article{Fumiere2020,
  author  = {Fumière, Quentin and Déqué, Michel and Nuissier, Olivier and Somot, Samuel and Alias, Antoinette and Caillaud, Cécile and Laurantin, Olivier and Seity, Yann},
  title   = {Extreme rainfall in Mediterranean France during the fall: added value of the CNRM-AROME Convection-Permitting Regional Climate Model},
  journal = {Climate Dynamics},
  year    = {2020},
  volume  = {55},
  pages   = {77--91},
  doi     = {10.1007/s00382-019-04898-8}
}

@article{Caillaud2021,
  author = {Caillaud, C. and Somot, S. and Alias, A. and et al.},
  title = {Modelling Mediterranean heavy precipitation events at climate scale: an object-oriented evaluation of the CNRM-AROME convection-permitting regional climate model},
  journal = {Climate Dynamics},
  volume = {56},
  pages = {1717--1752},
  year = {2021},
  doi = {10.1007/s00382-020-05558-y},
  url = {https://doi.org/10.1007/s00382-020-05558-y},
}
