@book{IPCC2021,
  author       = {{IPCC}},
  title        = {Climate Change 2021: The Physical Science Basis},
  year         = {2021},
  publisher    = {Cambridge University Press},
  address      = {Cambridge, UK},
  note         = {Contribution of Working Group I to the Sixth Assessment Report of the Intergovernmental Panel on Climate Change},
  doi          = {10.1017/9781009157896},
  url          = {https://www.ipcc.ch/report/ar6/wg1/}
}

@article{clapeyron1834,
  author    = {Émile Clapeyron},
  title     = {Mémoire sur la puissance motrice de la chaleur},
  journal   = {Journal de l'École polytechnique},
  volume    = {23},
  pages     = {153--191},
  year      = {1834},
  note      = {Disponible en ligne, p.~173},
  url       = {https://gallica.bnf.fr/ark:/12148/bpt6k4336792/f179.image}
}

@techreport{soubeyroux:hal-04991790,
  TITLE = {{{\`A} quel climat s'adapter en France selon la TRACC ? partie 2}},
  AUTHOR = {Soubeyroux, Jean-Michel and Bernus, S{\'e}bastien and Dubuisson, Brigitte and Drouin, Agathe and Madec, Thumette and Rousset, Fabienne and Samaco{\"i}ts, Rapha{\"e}lle and Schneider, Michel and Tardy, Marc and Tocquer, Flore and Corre, Lola and Morin, Samuel and Ribes, Aur{\'e}lien and Somot, Samuel and Chapnik, Bernard and Regimbeau, Mathieu},
  URL = {https://hal.science/hal-04991790},
  PAGES = {46},
  INSTITUTION = {{Meteo-France}},
  YEAR = {2025},
  MONTH = Apr,
  KEYWORDS = {Changement climatique ; TRACC ; variabilit{\'e}s ; extr{\^e}mes ; impacts},
  PDF = {https://hal.science/hal-04991790v3/file/rapport-TRACC-partie2-v7.4-web-144dpi.pdf},
  HAL_ID = {hal-04991790},
  HAL_VERSION = {v3},
}

@book{IPCC_2022_WGIII,
  author       = {{IPCC}},
  title        = {Climate Change 2022: Mitigation of Climate Change. Contribution of Working Group III to the Sixth Assessment Report of the Intergovernmental Panel on Climate Change},
  publisher    = {Cambridge University Press},
  address      = {Cambridge, UK and New York, NY, USA},
  year         = {2022},
  doi          = {10.1017/9781009157926},
  url          = {https://www.ipcc.ch/report/ar6/wg3/}
}


@book{meteofrance,
  author = {{Météo-France}},
  title = {{La météorologie}},
  year = {2010},
  publisher = {{Éditions Eyrolles}},
  address = {{Paris, France}},
  edition = {2e édition},
  note = {Chapitre 3 : Le cycle de l'eau et les précipitations},
}

@article{blanchet2021explaining,
  title={Explaining recent trends in extreme precipitation in the Southwestern Alps by changes in atmospheric influences},
  author={Blanchet, J. and Blanc, A. and Creutin, J.-D.},
  journal={Weather and Climate Extremes},
  volume={33},
  pages={100356},
  year={2021},
  doi={10.1016/j.wace.2021.100356},
}

@article{prein2015regional,
  title={Regional climate modeling with convection-permitting resolutions: a new era in climate prediction?},
  author={Prein, Andreas F and Langhans, Wolfgang and Fosser, Giorgia and Ferrone, Andrew and Ban, Nikolina and Goergen, Klaus and Keller, Michael and Tolle, Merja and Gutjahr, Oliver and Feser, Frauke and others},
  journal={Journal of Climate},
  volume={28},
  number={2},
  pages={618--636},
  year={2015},
  publisher={American Meteorological Society},
  doi={10.1175/jcli-d-14-00309.1},
}

@techreport{arome2014,
  title        = {AROME en bref},
  author       = {{Centre National de Recherches Météorologiques}},
  institution  = {Météo-France, UMR 3589 CNRM},
  year         = {2014},
  url          = {https://www.umr-cnrm.fr/spip.php?article120&id_document=1077},
  note         = {Consulté en juillet 2025}
}


@article{caillaud2021simulation,
  title={Simulation using CNRM-AROME46t1 (2.5km) CP-RCM performed by CNRM},
  author={Caillaud, C. and others},
  journal={Climate Dynamics},
  year={2021},
  volume={},
  number={},
  pages={},
  doi={10.1007/s00382-020-05558-y},
  url={https://doi.org/10.1007/s00382-020-05558-y},
}

@article{blanchet2022instrumental,
  title={Instrumental agreement and retrospective analysis of trends in precipitation extremes in the French Mediterranean Region},
  author={Blanchet, Juliette and Creutin, Jean-Dominique},
  journal={Environmental Research Letters},
  volume={17},
  number={7},
  pages={074011},
  year={2022},
  publisher={IOP Publishing},
  doi={10.1088/1748-9326/ac7734}
}

@article{hersbach2020era5,
  title={The ERA5 global reanalysis},
  author={Hersbach, H. and Bell, B. and Berrisford, P. and Hirahara, S. and Horányi, A. and Muñoz-Sabater, J. and Nicolas, J. and Peubey, C. and Radu, R. and Schepers, D. and Simmons, A. and Soci, C. and Abdalla, S. and Abellan, X. and Balsamo, G. and Bechtold, P. and Biavati, G. and Bidlot, J. and Bonavita, M. and De Chiara, G. and Dahlgren, P. and Dee, D. and Diamantakis, M. and Dragani, R. and Flemming, J. and Forbes, R. and Fuentes, M. and Geer, A. and Haimberger, L. and Healy, S. and Hogan, R. J. and Hólm, E. and Janisková, M. and Keeley, S. and Laloyaux, P. and Lopez, P. and Lupu, C. and Radnoti, G. and Rosnay, P. and Rozum, I. and Vamborg, F. and Villaume, S. and Thépaut, J-N.},
  journal={Quarterly Journal of the Royal Meteorological Society},
  volume={146},
  number={730},
  pages={1999--2049},
  year={2020},
  publisher={Wiley Online Library},
  doi={10.1002/qj.3803}
}

@misc{meteofrance2024,
  author = {{Météo-France}},
  title = {Données d'observations météorologiques issues des stations synoptiques et climatologiques},
  year = {2024},
  howpublished = {Open Data on data.gouv.fr},
  url = {https://www.data.gouv.fr/fr/datasets/donnees-dobservations-meteorologiques-issues-des-stations-synoptiques-et-climatologiques/},
  note = {Consulté en juillet 2025}
}

@book{coles2001introduction,
  title     = {An Introduction to Statistical Modeling of Extreme Values},
  author    = {Coles, Stuart},
  year      = {2001},
  publisher = {Springer},
  address   = {London},
  series    = {Springer Series in Statistics}
}

@article{Blanchet2018,
  author  = {Blanchet, Juliette and Molinié, Gilles and Touati, Julien},
  title   = {Spatial analysis of trend in extreme daily rainfall in southern France},
  journal = {Climate Dynamics},
  year    = {2018},
  volume  = {51},
  number  = {3},
  pages   = {799--812},
  doi     = {10.1007/s00382-016-3122-7},
  url     = {https://link.springer.com/article/10.1007/s00382-016-3122-7}
}



@article{Prein2015Review,
  author       = {Prein, Andreas F. and Langhans, Wolfgang and Fosser, Giorgia and Ferrone, Andrew and Ban, Nikolina and Goergen, Klaus and Keller, Michael and T{\"o}lle, Merja and Gutjahr, Oliver and Feser, Frauke and Brisson, Erwan and Kollet, Stefan and Schmidli, Juerg and van Lipzig, Nicole P. M. and Leung, Ruby},
  title        = {A Review on Regional Convection‐Permitting Climate Modeling: Demonstrations, Prospects, and Challenges},
  journal      = {Reviews of Geophysics},
  year         = {2015},
  volume       = {53},
  number       = {2},
  pages        = {323--361},
  doi          = {10.1002/2014RG000475},
  url          = {https://doi.org/10.1002/2014RG000475},
  publisher    = {American Geophysical Union},
  month        = {June}
}

@Article{hess-28-2579-2024,
AUTHOR = {Dura, V. and Evin, G. and Favre, A.-C. and Penot, D.},
TITLE = {Spatial variability in the seasonal precipitation lapse rates in complex topographical regions -- application in France},
JOURNAL = {Hydrology and Earth System Sciences},
VOLUME = {28},
YEAR = {2024},
NUMBER = {12},
PAGES = {2579--2601},
URL = {https://hess.copernicus.org/articles/28/2579/2024/},
DOI = {10.5194/hess-28-2579-2024}
}

@article{LucasPicher2024,
  author    = {Lucas-Picher, P. and Brisson, E. and Caillaud, C. and others},
  title     = {Evaluation of the convection-permitting regional climate model CNRM-AROME41t1 over Northwestern Europe},
  journal   = {Climate Dynamics},
  volume    = {62},
  pages     = {4587--4615},
  year      = {2024},
  doi       = {10.1007/s00382-022-06637-y},
  url       = {https://doi.org/10.1007/s00382-022-06637-y}
}

@article{Fumiere2020,
  author  = {Fumière, Quentin and Déqué, Michel and Nuissier, Olivier and Somot, Samuel and Alias, Antoinette and Caillaud, Cécile and Laurantin, Olivier and Seity, Yann},
  title   = {Extreme rainfall in Mediterranean France during the fall: added value of the CNRM-AROME Convection-Permitting Regional Climate Model},
  journal = {Climate Dynamics},
  year    = {2020},
  volume  = {55},
  pages   = {77--91},
  doi     = {10.1007/s00382-019-04898-8}
}

@article{Caillaud2021,
  author = {Caillaud, C. and Somot, S. and Alias, A. and et al.},
  title = {Modelling Mediterranean heavy precipitation events at climate scale: an object-oriented evaluation of the CNRM-AROME convection-permitting regional climate model},
  journal = {Climate Dynamics},
  volume = {56},
  pages = {1717--1752},
  year = {2021},
  doi = {10.1007/s00382-020-05558-y},
  url = {https://doi.org/10.1007/s00382-020-05558-y},
}

@Article{Wild2009_GlobalDimmingBrightening,
  author       = {Martin Wild},
  title        = {Global dimming and brightening: A review},
  journal      = {Journal of Geophysical Research: Atmospheres},
  year         = {2009},
  volume       = {114},
  number       = {D00D16},
  doi          = {10.1029/2008JD011470},
  note         = {Article No. D00D16},
}

@article{DeGaetano2018,
  title = {Selecting Time Series Length to Moderate the Impact of Nonstationarity in Extreme Rainfall Analyses},
  author = {DeGaetano, Arthur T. and Castellano, Christopher M.},
  journal = {Journal of Applied Meteorology and Climatology},
  volume = {57},
  number = {10},
  pages = {2285--2296},
  year = {2018},
  publisher = {American Meteorological Society},
  doi = {10.1175/JAMC-D-18-0046.1},
  url = {https://doi.org/10.1175/JAMC-D-18-0046.1}
}

@misc{meteofrance2024_episodesMediterraneens,
  author       = {{Météo‑France}},
  title        = {Quel est l’impact du changement climatique sur les épisodes méditerranéens ?},
  year         = {2024},
  month        = aug,
  day          = {27},
  url          = {https://meteofrance.com/le-changement-climatique/quel-climat-futur/quel-est-limpact-du-changement-climatique-sur-les},
  note         = {Consulté le 24 juillet 2025}
}

@techreport{MeteoFrance2024_episodesArdeches,
  author       = {{Météo-France}},
  title        = {{Bilan climatique de l’année 2024 : France hexagonale et Corse}},
  institution  = {{Météo-France}},
  type         = {{Rapport}},
  year         = {2024},
  url          = {https://meteofrance.fr/sites/meteofrance.fr/files/files/editorial/Bilan_annee_2024_France_hexagonale-et-Corse.pdf},
  urldate      = {2025-02-12}
}

@misc{MeteoFrance2025,
  author       = {{Météo-France}},
  title        = {{Retour sur les violents orages dans le sud du pays}},
  howpublished = {\url{https://meteofrance.com/actualites-et-dossiers/actualites/retour-sur-les-violents-orages-dans-le-sud-du-pays}},
  year         = {2025},
  urldate      = {2025-07-24}
}

@mastersthesis{berghald2024caracterisation,
  author       = {Berghald, Sebastien},
  title        = {Caractérisation et évolution des précipitations extrêmes horaires dans les Alpes françaises},
  school       = {Université Grenoble Alpes},
  type         = {Mémoire de Master, Master 2 GEOSPHERES},
  institution  = {Institut de l’Urbanisme et de Géographie Alpine (IUGA)},
  address      = {Saint‑Martin‑d’Hères, France},
  month        = jun,
  year         = {2024},
  url          = {https://dumas.ccsd.cnrs.fr/dumas-04723319v1/file/Sebastien%20Berghald.pdf},
  urldate      = {2025-07-24},
  hal_id       = {dumas-04723319},
}



@misc{WMO2025,
  author       = {{World Meteorological Organization}},
  title        = {{State of the Global Climate 2025}},
  year         = {2026},
  note         = {Rapport publié en 2026},
  url          = {https://public.wmo.int/en/our-mandate/climate/wmo-statement-state-of-global-climate}
}

@techreport{Blanc2024,
  author       = {Blanc, A. and Misset, C. and Mainieri, R. and Llamas, B.},
  title        = {{Rétro-analyse de la crue du torrent des Etançons du 21 juin 2024}},
  institution  = {RTM de l’Isère et Département Risques Naturels – Pôle RTM},
  type         = {Tech. rep.},
  year         = {2024}
}


@article{Ribes2019,
  author    = {Ribes, A. and Thao, S. and Vautard, R. and Dubuisson, B. and Somot, S. and Colin, J. and Planton, S. and Soubeyroux, J. M.},
  title     = {Observed increase in extreme daily rainfall in the French Mediterranean},
  journal   = {Climate Dynamics},
  volume    = {52},
  pages     = {1095--1114},
  year      = {2019},
  doi       = {10.1007/s00382-018-4179-2},
  url       = {https://doi.org/10.1007/s00382-018-4179-2}
}

@article{Fresnay2012,
  author       = {Fresnay, S. and Hally, A. and Garnaud, C. and Richard, E. and Lambert, D.},
  title        = {Heavy precipitation events in the Mediterranean: sensitivity to cloud physics parameterisation uncertainties},
  journal      = {Natural Hazards and Earth System Sciences},
  volume       = {12},
  pages        = {2671--2688},
  year         = {2012},
  doi          = {10.5194/nhess-12-2671-2012}
}

@article{poncet2024convection,
  title = {Does a convection‑permitting regional climate model bring new perspectives on the projection of Mediterranean floods?},
  author = {Poncet, Nils and Lucas‑Picher, Philippe and Tramblay, Yves and Thirel, Guillaume and Vergara, Humberto and Gourley, Jonathan and Alias, Antoinette},
  journal = {Natural Hazards and Earth System Sciences},
  volume = {24},
  number = {4},
  pages = {1163--1183},
  year = {2024},
  issn = {1561-8633},
  doi = {10.5194/nhess-24-1163-2024}
}

@article{Berghald2025,
  author       = {Berghald, Sebastian and Blanchet, Juliette and Blanc, Antoine and Penot, David},
  title        = {Climatology and trends of observed daily and hourly extreme precipitation in the French Alps},
  journal      = {EGUsphere [preprint]},
  year         = {2025},
  doi          = {10.5194/egusphere-2025-3073},
  note         = {Preprint; Discussion started 3 July 2025},
}

@misc{meteo-france_2020_breve_observation_classique,
  author       = {{Météo-France}},
  title        = {Une br\`eve histoire de l'observation},
  howpublished = {\url{https://meteofrance.com/magazine/meteo-histoire/observation/une-breve-histoire-de-lobservation}},
  note         = {Consulté le 24 juillet 2025},
  year         = {2020},
  month        = feb,
  day          = {25},
  language     = {french}
}

@misc{ecmwf_era5_data_documentation,
  author       = {{Copernicus Climate Change Service (C3S)} and {European Centre for Medium-Range Weather Forecasts (ECMWF)}},
  title        = {ERA5: data documentation},
  howpublished = {ECMWF Copernicus Knowledge Base},
  year         = {2025},
  url          = {https://confluence.ecmwf.int/display/CKB/ERA5%3A+data+documentation},
  urldate      = {2025-07-24}
}

@misc{cnrm_arome2007,
  author       = {{CNRM–Météo‐France}},
  title        = {AROME: modèle opérationnel à maille convectionnelle},
  howpublished = {Document PDF, UMR–CNRM},
  year         = {2007},
  url          = {https://www.umr-cnrm.fr/IMG/pdf/arome2007.pdf},
  urldate      = {2025-07-24}
}



@article{Donat2013,
  title = {Updated Analyses of Temperature and Precipitation Extreme Indices Since the Beginning of the Twentieth Century: The HadEX2 Dataset},
  author = {Donat, M. G. and Alexander, L. V. and Yang, H. and Durre, I. and Vose, R. and Dunn, R. J. H. and Willett, K. M. and Aguilar, E. and Brunet, M. and Caesar, J. and Hewitson, B. and Jack, C. and Klein Tank, A. M. G. and Kruger, A. C. and Marengo, J. and Peterson, T. C. and Renom, M. and Oria Rojas, C. and Rusticucci, M. and Salinger, J. and Elrayah, A. S. and Sekele, S. S. and Srivastava, A. K. and Trewin, B. and Villarroel, C. and Vincent, L. A. and Zhai, P. and Zhang, X. and Kitching, S.},
  journal = {Journal of Geophysical Research: Atmospheres},
  volume = {118},
  number = {5},
  pages = {2098--2118},
  year = {2013},
  doi = {10.1002/jgrd.50150},
  publisher = {American Geophysical Union},
  url = {https://doi.org/10.1002/jgrd.50150}
}


@article{Soubeyroux01022015,
author = {Jean-Michel Soubeyroux and Luc Neppel and Jean-Michel Veysseire and Yves Tramblay and Julie Carreau and Viviane Gouget},
title = {Evolution des précipitations extrêmes en France en contexte de changement climatique},
journal = {La Houille Blanche},
volume = {101},
number = {1},
pages = {27--33},
year = {2015},
publisher = {Taylor \& Francis},
doi = {10.1051/lhb/2015004},


URL = { 
    
        https://doi.org/10.1051/lhb/2015004
    
    

},
eprint = { 
    
        https://doi.org/10.1051/lhb/2015004
    
    

}

}


@article{ZAQOUT2024131439,
title = {Impacts of climate change on winter flood mechanisms: Spatial variability, trends, and bivariate frequency of rain-on-snow and soil frost},
journal = {Journal of Hydrology},
volume = {638},
pages = {131439},
year = {2024},
issn = {0022-1694},
doi = {https://doi.org/10.1016/j.jhydrol.2024.131439},
url = {https://www.sciencedirect.com/science/article/pii/S0022169424008345},
author = {Tarek Zaqout and Hrund Ólöf Andradóttir},
keywords = {Frost, Snowmelt, Rain-on-snow, Flood, Bivariate frequency analysis, Climate change},
abstract = {Rain-on-snow (RoS) events are projected to become more frequent and affect more regions around the globe with the increase in temperatures and shifting of precipitation patterns due to climate change. However, to date, little research has addressed the coincidence of RoS and frost for the historical and future climatic conditions that can amplify surface flooding. The goal of this study was therefore to assess the impacts of climate change on the frequency, magnitude, and trends of RoS events co-occurring with soil frost at three sites with different cold climates (sub-arctic, continental, and arctic tundra). To that end, an ensemble of four regional climate models (RCMs) was used to estimate the potential changes in RoS during frost for a historical period (1950–2005) and three future climate scenarios representing low, medium, and high emissions scenarios (RCP 2.6, 4.5, and 8.5) for the period of 2006–2100. Field observations were used to evaluate the spatial variability and trends in hydro-meteorological variables for the observed period dating back to 1949 and to calibrate and validate the Simultaneous Heat and Water model (SHAW) and the Accumulation and Ablation model (SNOW-17), which provided long-term soil temperature, frost, and snow depth data. RoS volume during frost was projected to decrease by the end of the century but remains an important (if not the largest) contributor to large winter runoff events at all study sites. The reduction in RoS volumes during frost was most pronounced in the two coastal regions in the south and north of Iceland, especially for the high emissions scenario (∼0.28 mm/year), while the inland northeastern site experienced the least changes for all emissions scenarios. Frost depth was projected to decrease at the three study sites, but at a higher rate at the coastal northern site than in the other two regions, and to mostly disappear in the south study site for the high-emissions scenario. High-latitude coastal regions are expected to transition in the coming decades to become more temperate and experience frequent RoS events more than inland regions, while RoS contribution to runoff in the presence of soil frost might become less relevant at low latitudes by the end of the century.}
}

@article{LorentePlazas2020,
  author       = {Lorente‐Plazas, Raquel and Montávez, Juan Pedro and Ramos, Ana María and Jerez, Sara and Trigo, Ricardo M. and Jiménez‐Guerrero, Pedro},
  title        = {Unusual Atmospheric‑River‑Like Structures Coming From Africa Induce Extreme Precipitation Over the Western Mediterranean Sea},
  journal      = {Journal of Geophysical Research: Atmospheres},
  volume       = {125},
  number       = {e2019JD031280},
  year         = {2020},
  doi          = {10.1029/2019JD031280},
  url          = {https://doi.org/10.1029/2019JD031280}
}

@article{Drobinski2016,
  title   = {Scaling of precipitation extremes with temperature in the French Mediterranean region: What explains the hook shape?},
  author  = {Drobinski, Philippe and Alonzo, Bastien and Bastin, Sophie and Da Silva, Nicolas and Muller, Caroline J.},
  journal = {Journal of Geophysical Research: Atmospheres},
  volume  = {121},
  number  = {7},
  pages   = {3100--3119},
  year    = {2016},
  doi     = {10.1002/2015JD023497},
  url     = {https://doi.org/10.1002/2015JD023497}
}

@article{Trigo2000,
  author       = {Trigo, R. M. and Davies, T. D. and Bigg, G. R.},
  title        = {Decline in Mediterranean rainfall caused by weakening of Mediterranean cyclones},
  journal      = {Geophysical Research Letters},
  volume       = {27},
  number       = {19},
  pages        = {2913--2916},
  year         = {2000},
  doi          = {10.1029/2000GL011526},
  url          = {https://doi.org/10.1029/2000GL011526}
}

@article{ObermannHellhund2018,
  author  = {Obermann‑Hellhund, Anika and Conte, Dario and Somot, Samuel and Torma, Csaba Zsolt and Ahrens, Bodo},
  title   = {Mistral and Tramontane wind systems in climate simulations from 1950 to 2100},
  journal = {Climate Dynamics},
  year    = {2018},
  volume  = {50},
  number  = {5},
  pages   = {693--703},
  doi     = {10.1007/s00382-017-3635-8},
  note    = {Received: 21 July 2016; Accepted: 14 March 2017; Published online: 29 March 2017}
}

@article{ogorman2015contrasting,
  title        = {Contrasting responses of mean and extreme precipitation to climate change},
  author       = {O’Gorman, P.~A.},
  journal      = {Current Climate Change Reports},
  volume       = {1},
  number       = {2},
  pages        = {79--92},
  year         = {2015},
  doi          = {10.1007/s40641-015-0009-2}
}